<?xml version="1.0" encoding="UTF-8"?><collection xmlns="http://www.loc.gov/MARC21/slim"><record><leader>00405nam--2200133-i-4500</leader><controlfield tag="001">000021429</controlfield><controlfield tag="002">20161230</controlfield><controlfield tag="005">20170127195045</controlfield><controlfield tag="008">060222s1000------------r-----000-0-eng-d</controlfield><datafield ind1=" " ind2=" " tag="245"><subfield code="a">L`industrie devant l`energie nucleaire. Exposes presentes au cours de la premiere conf.d`inf.sur l`energie nucleaire</subfield></datafield><datafield ind1=" " ind2=" " tag="260"><subfield code="a">Paris</subfield><subfield code="b">Oece</subfield><subfield code="c">1958</subfield></datafield><datafield ind1=" " ind2=" " tag="300"><subfield code="a">306 p. + 1 H</subfield></datafield><datafield ind1=" " ind2=" " tag="852"><subfield code="a">13131</subfield></datafield><datafield ind1=" " ind2=" " tag="CAT"><subfield code="a">SYS</subfield><subfield code="c">20170127</subfield><subfield code="h">195045</subfield></datafield></record></collection>